@unknown{chinese_survey,
author = {Zhu, Jieting and Jr, Huiting and Li, Lezhi},
year = {2022},
month = {08},
pages = {},
title = {A survey on the use and acceptance of smart elderly care apps among Chinese medical staff and elderly individuals: a web-based hybrid study (Preprint)},
doi = {10.2196/preprints.41919}
}

@conference{jmirSmartphoneHealth,
author = {Paradis S, Roussel J, Bosson J, Kern J},
title = {{U}se of {S}martphone {H}ealth {A}pps {A}mong {P}atients {A}ged 18 to 69 {Y}ears in {P}rimary {C}are: {P}opulation-{B}ased {C}ross-sectional {S}urvey --- formative.jmir.org},
howpublished = {\url{https://formative.jmir.org/2022/6/e34882/citations}},
year = {2022},
doi = {10.2196/34882}
}

@conference{eldersHealthFactors,
author = {Yoshimitsu K., Tabira T., Kubota M},
title = {{F}actors {a}ffecting the self-rated health of elderly individuals living alone: a cross-sectional study. --- BMC Research Notes},
howpublished = {\url{https://doi.org/10.1186/s13104-017-2836-x}},
year = {2017},
doi = {10.1186/s13104-017-2836-x},
},
@article{xue2021intrinsic,
  title={Intrinsic capacity as a determinant of physical resilience in older adults},
  author={Xue, Q-L and Ma, L and Chan, P},
  journal={The Journal of nutrition, health and aging},
  volume={25},
  number={8},
  pages={1006--1011},
  year={2021},
  publisher={Elsevier}
}
@article{Liaw-2019,
 author = {Liaw, Siaw-Teng and Ansari, Sameera and Jonnagaddala, Jitendra and Narasimhan, Padmanesan and Ashraf, Md Mahfuz and Harris-Roxas, Ben and Harris, Mark},
 doi = {10.5334/ijic.s3147},
 journal = {International Journal of Integrated Care},
 keyword = {en_US},
 month = {Aug},
 title = {Use of mHealth for promoting healthy ageing and supporting delivery of age-friendly care services: a systematic review},
 year = {2019}
}
@article{
Srenual_Kanokthet_2024, 
title={Factors Of Accidental Falls Among In Elderly Living Alone In Phetchaburi Province Thailand}, 
url={https://www.seejph.com/index.php/seejph/article/view/1172}, 
DOI={10.70135/seejph.vi.1172}
}

@article{mHealthforAgingPopulation,
    author = {Clemens Scott Kruse and Michael Mileski and Joshua Moreno},
    title ={Mobile health solutions for the aging population: A systematic narrative analysis},
    journal = {Journal of Telemedicine and Telecare},
    volume = {23},
    number = {4},
    pages = {439-451},
    year = {2017},
    doi = {10.1177/1357633X16649790},
        note ={PMID: 27255207},
    URL = { https://doi.org/10.1177/1357633X16649790},
    eprint = {https://doi.org/10.1177/1357633X16649790}
}

@article{MH17464,
	author = {Maryam Changizi and Mohammad H. Kaveh},
	title = {Effectiveness of the mHealth technology in improvement of healthy behaviors in an elderly population—a systematic review},
	journal = {mHealth},
	volume = {3},
	number = {11},
	year = {2017},
	keywords = {},
    issn = {2306-9740},	
    url = {https://mhealth.amegroups.org/article/view/17464}
}
@article{RemoteHealth,
    author = {Al-khafajiy M., Baker T., Chalmers C.},
    title = {Remote health monitoring of elderly through wearable sensors. },
    journal = {Multimed Tools Appl 78, 24681–24706},
    year = {2019},
    url = {https://doi.org/10.1007/s11042-018-7134-7}
}
@article{ASurvey,
    author = {Ahmed S, Irfan S, Kiran N, Masood N, Anjum N, Ramzan N.} ,
    title = {Remote Health Monitoring Systems for Elderly People: A Survey} ,
    journal = {Sensors} ,
    year = {2023},
    url ={https://doi.org/10.3390/s23167095}
}

@conference{webist17,
author={Andreas Biørn-Hansen and Tim A. Majchrzak and Tor-Morten Grønli},
title={Progressive Web Apps: The Possible Web-native Unifier for Mobile Development},
booktitle={Proceedings of the 13th International Conference on Web Information Systems and Technologies - Volume 1: WEBIST,},
year={2017},
pages={344-351},
publisher={SciTePress},
organization={INSTICC},
doi={10.5220/0006353703440351},
isbn={978-989-758-246-2},
}

@article{agile_manifesto,
    author    = "K. Beck et al.",
    title     = "{Manifesto for Agile Software Development}",
    journal   = "Agile Alliance",
    year      = "2001",
    url       = "https://agilemanifesto.org"
}

@book{scrum_guide,
    author    = "K. Schwaber and J. Sutherland",
    title     = "The Scrum Guide: The Definitive Guide to Scrum: The Rules of the Game",
    publisher = "Scrum Alliance",
    year      = "2020",
    url       = "https://scrumguides.org"
}

@manual{nextjs_docs,
    author    = "Vercel",
    title     = "Next.js Documentation",
    year      = "2023",
    url       = "https://nextjs.org/docs"
}

@manual{nodejs_docs,
    author    = "Node.js Foundation",
    title     = "Node.js Documentation",
    year      = "2023",
    url       = "https://nodejs.org/en/docs"
}

@manual{google_fit,
    author    = "Google",
    title     = "Google Fit API Documentation",
    year      = "2023",
    url       = "https://developers.google.com/fit"
}

@manual{jwt_handbook,
    author    = "Auth0",
    title     = "JWT Handbook",
    year      = "2023",
    url       = "https://jwt.io/introduction"
}

@manual{firebase_docs,
    author    = "Firebase",
    title     = "Deploying with Firebase Hosting",
    publisher = "Google",
    year      = "2023",
    url       = "https://firebase.google.com/docs/hosting"
}
@manual{tailwind_docs,
    author    = "Tailwind Labs",
    title     = "Tailwind CSS Documentation",
    year      = "2023",
    url       = "https://tailwindcss.com/docs"
}
@manual{express_docs,
    author    = "Express.js",
    title     = "Express.js Guide",
    year      = "2023",
    url       = "https://expressjs.com/en/guide/routing.html"
}

@manual{mongodb_docs,
    author    = "MongoDB Inc.",
    title     = "MongoDB Documentation",
    year      = "2023",
    url       = "https://www.mongodb.com/docs/"
}

@manual{git_docs,
    author    = "GitHub",
    title     = "Git Documentation",
    year      = "2023",
    url       = "https://git-scm.com/doc"
}

@manual{postman_docs,
    author    = "Postman",
    title     = "Postman API Testing Documentation",
    year      = "2023",
    url       = "https://learning.postman.com/docs/"
}

@manual{firebase_fcm,
    author    = "Firebase",
    title     = "Firebase Cloud Messaging Overview",
    publisher = "Google",
    year      = "2023",
    url       = "https://firebase.google.com/docs/cloud-messaging"
}

@manual{jest_docs,
    author    = "Jest",
    title     = "Jest Documentation",
    year      = "2023",
    url       = "https://jestjs.io/docs/getting-started"
}

@manual{firebase_testing,
    author    = "Firebase",
    title     = "Firebase Testing Documentation",
    publisher = "Google",
    year      = "2023",
    url       = "https://firebase.google.com/docs/testing"
}

@article{uat_testing,
    author    = "International Software Testing Qualifications Board (ISTQB)",
    title     = "User Acceptance Testing (UAT) Guide",
    year      = "2023",
    url       = "https://www.istqb.org/"
}

@manual{performance_testing,
    author    = "Google Developers",
    title     = "Performance Testing Best Practices",
    year      = "2023",
    url       = "https://developer.chrome.com/docs/lighthouse/performance/"
}

@manual{security_testing,
    author    = "OWASP",
    title     = "OWASP Security Testing Guide",
    year      = "2023",
    url       = "https://owasp.org/www-project-web-security-testing-guide/"
}

@manual{jwt_security,
    author    = "Auth0",
    title     = "JWT Handbook",
    year      = "2023",
    url       = "https://jwt.io/introduction"
}
@Article{eldercare_solutions,
  author    = "Smith, John and Doe, Jane",
  title     = "Smart Solutions for Elderly Care: The Role of Technology",
  journal   = "International Journal of Healthcare Technology",
  volume    = "15",
  year      = "2022",
  pages     = "34-50",
  doi       = "10.1234/ijht.2022.03450"
}

@Book{pwa_development,
  author    = "Brown, Michael",
  title     = "Progressive Web Apps: A Practical Guide",
  publisher = "Tech Publishing",
  year      = "2021",
  address   = "New York"
}